<?xml version="1.0" encoding="UTF-8"?><collection><record><leader>04057ntm a2200457 a 4500</leader><controlfield tag="001">006833771</controlfield><controlfield tag="003">MiAaHDL</controlfield><controlfield tag="005">20190719000000.0</controlfield><controlfield tag="006">m        d        </controlfield><controlfield tag="007">cr bn ---auaua</controlfield><controlfield tag="008">090701s18uu    xx            00| ||ara d</controlfield><datafield tag="035" ind1=" " ind2=" "><subfield code="a">(MiU)006833771</subfield></datafield><datafield tag="035" ind1=" " ind2=" "><subfield code="a">sdr-miu006833771</subfield></datafield><datafield tag="040" ind1=" " ind2=" "><subfield code="a">MiU</subfield><subfield code="c">MiU</subfield><subfield code="e">amremm</subfield></datafield><datafield tag="043" ind1=" " ind2=" "><subfield code="a">n-us-mi</subfield><subfield code="a">a-tu---</subfield><subfield code="a">mm-----</subfield></datafield><datafield tag="245" ind1="0" ind2="0"><subfield code="6">880-03</subfield><subfield code="a">[Mukhtārāt fī tārīkh al-Dawlah al-ʻUthmānīyah,</subfield><subfield code="f">19th century?].</subfield></datafield><datafield tag="260" ind1=" " ind2=" "><subfield code="c">[18--?].</subfield></datafield><datafield tag="300" ind1=" " ind2=" "><subfield code="a">30 leaves :</subfield><subfield code="b">paper ;</subfield><subfield code="c">246 x 191 (235 x 135) mm. bound to 253 x 193 mm.</subfield></datafield><datafield tag="500" ind1=" " ind2=" "><subfield code="a">Shelfmark: Ann Arbor, University of Michigan, Special Collections Library, Isl. Ms. 898</subfield></datafield><datafield tag="500" ind1=" " ind2=" "><subfield code="a">Origin: Lacks dated colophon ; paper, etc. would suggest late 19th century ; bookseller's label suggests terminus ante quem in the range of 1886 to 1916.</subfield></datafield><datafield tag="500" ind1=" " ind2=" "><subfield code="a">Accompanying materials: "a. Card with writing in hand of Emilie Savage-Smith: 'Not native hand, European? or very old writer | Arabic, in pencil | probably transcribing a text.' -- b. Slip of paper: 'Persian [crossed out] Arabic Manuscripts (Heyworth-Dunne?) No Husselman or Meredith-Owens notes' -- c. Slip of paper: 'Counted for 1968/69 Annual Report.'"- from handlist prepared by R. Dougherty, 1993, no longer in volume.</subfield></datafield><datafield tag="500" ind1=" " ind2=" "><subfield code="a">Former shelfmark: Mich. Isl. Ms. temp. no. 47</subfield></datafield><datafield tag="500" ind1=" " ind2=" "><subfield code="a">Binding: Boards covered in dark brown cloth ; Western style binding ; pastedowns in wove paper (opening leaf of opening quire and final leaf of final quire) ; sewn in heavy cream thread, four stations, over two wide tapes / bands (flexible sewing) ; overall in fair condition with spine cloth gone (exposing sewing), some staining, abrasion, etc.</subfield></datafield><datafield tag="500" ind1=" " ind2=" "><subfield code="a">Support: European wove paper upon which leaves carrying the transcript have been affixed (compare Isl. Ms. 896).</subfield></datafield><datafield tag="500" ind1=" " ind2=" "><subfield code="a">Script: Naskh ; somewhat crudely executed in pencil in imitation of the exemplar ; mainly serifless, rounded with curvilinear descenders, occasional slight effect of words inclining to the left, otherwise adhering fairly consistently to the baseline, pointing in distinct dots, mainly open counters ; section headings in a larger, bolded script approaching tawqīʻ or thuluth ; compare Isl. Ms. 896.</subfield></datafield><datafield tag="500" ind1=" " ind2=" "><subfield code="a">Layout: Written in 23 lines per page ; frame-ruled.</subfield></datafield><datafield tag="500" ind1=" " ind2=" "><subfield code="a">Collation: IV* (7), 2 IV(23), IV* (30) ; opening leaf of opening quire and final leaf of final quire serving as pastedowns ; exclusively quaternions ; pagination in pencil, Western numerals, in lower outer corner of each page.</subfield></datafield><datafield tag="500" ind1=" " ind2=" "><subfield code="a">Incipit: "تملك قسطنطين الاخير في التفاقم طول اناتك ايها السيد الضابط الكل كيف سمحت بهذه الامور بطول اناتك لكن اقول مع النبي من ذا عرف عقل الرب او من صار مشيرا عليه اي قلب حجري يقدر ان لا يكبر ولا ينوب ..."</subfield></datafield><datafield tag="500" ind1=" " ind2=" "><subfield code="a">Title supplied by cataloguer.</subfield></datafield><datafield tag="500" ind1=" " ind2=" "><subfield code="a">Ms. codex.</subfield></datafield><datafield tag="520" ind1="8" ind2=" "><subfield code="a">Transcript of excerpts from a historical work addressing the final Byzantine Emperor Constantine XI Palaiologos [Palaeologus] (d.1453), and the Ottoman Sultans Bayezid II (r.1481-1512), Selim I (r.1512-1520), and Süleyman I [the Magnificent] (r.1520-1566).</subfield></datafield><datafield tag="538" ind1=" " ind2=" "><subfield code="a">Mode of access: Internet.</subfield></datafield><datafield tag="541" ind1=" " ind2=" "><subfield code="c">Gift ;</subfield><subfield code="a">Acquired from Frank E. Nuttall (1875-1943).</subfield></datafield><datafield tag="546" ind1=" " ind2=" "><subfield code="a">Arabic.</subfield></datafield><datafield tag="561" ind1=" " ind2=" "><subfield code="a">Label on upper pastedown "GEORGE GREGORY, Book Merchant and Library Buyer, 5, Argyle Street, BATH" (compare Isl. Ms. 896) ; fairly clean copy.</subfield></datafield><datafield tag="650" ind1=" " ind2="0"><subfield code="a">Manuscripts, Arabic</subfield><subfield code="z">Michigan</subfield><subfield code="z">Ann Arbor.</subfield></datafield><datafield tag="651" ind1=" " ind2="0"><subfield code="a">Turkey</subfield><subfield code="x">History</subfield><subfield code="y">Ottoman Empire, 1288-1918.</subfield></datafield><datafield tag="651" ind1=" " ind2="0"><subfield code="a">Byzantine Empire</subfield><subfield code="x">History</subfield><subfield code="y">Constantine XI Dragases, 1448-1453.</subfield></datafield><datafield tag="700" ind1="1" ind2=" "><subfield code="a">Nuttall, Frank E.,</subfield><subfield code="d">1875-1943,</subfield><subfield code="e">former owner.</subfield></datafield><datafield tag="773" ind1="0" ind2=" "><subfield code="a">F. E. Nuttall Collection.</subfield></datafield><datafield tag="880" ind1="0" ind2="0"><subfield code="6">245-03/</subfield><subfield code="a">[مختارات في تاريخ الدولة العثمانية,</subfield><subfield code="f">القرن 19م؟].</subfield></datafield><datafield tag="CID" ind1=" " ind2=" "><subfield code="a">006833771</subfield></datafield><datafield tag="DAT" ind1="0" ind2=" "><subfield code="a">20190719102641.0</subfield><subfield code="b">20190719000000.0</subfield></datafield><datafield tag="DAT" ind1="1" ind2=" "><subfield code="a">20190719090653.0</subfield><subfield code="b">2019-07-19T16:12:13Z</subfield></datafield><datafield tag="DAT" ind1="2" ind2=" "><subfield code="a">2015-10-10T18:00:06Z</subfield></datafield><datafield tag="CAT" ind1=" " ind2=" "><subfield code="a">SDR-MIU</subfield><subfield code="d">EX LIBRIS - ALEPH</subfield><subfield code="l">prepare.pl-004-008</subfield></datafield><datafield tag="FMT" ind1=" " ind2=" "><subfield code="a">BK</subfield></datafield><datafield tag="HOL" ind1=" " ind2=" "><subfield code="0">sdr-miu006833771</subfield><subfield code="a">MiU</subfield><subfield code="b">SDR</subfield><subfield code="c">MIU</subfield><subfield code="p">mdp.39015079131739</subfield><subfield code="s">MIU</subfield><subfield code="1">006833771</subfield></datafield><datafield tag="974" ind1=" " ind2=" "><subfield code="b">MIU</subfield><subfield code="c">MIU</subfield><subfield code="d">20190719</subfield><subfield code="s">lit-dlps-dc</subfield><subfield code="u">mdp.39015079131739</subfield><subfield code="y">1899</subfield><subfield code="r">pd</subfield><subfield code="q">exp</subfield></datafield></record></collection>